@online{cslab,
	title = {Cslab},
	url = {https://proxmox.com/en/},
	titleaddon = {Cslab},
	urldate = {2024-04-25},
	langid = {french},
}

